@misc{zadani,
  author       = {{Katedra geomatiky, Fakulta stavební ČVUT v Praze}},
  title        = {Výuka v terénu z teoretické geodézie (155VTTG)},
  year         = {2025},
  note         = {Studijní materiál, ČVUT v Praze, Fakulta stavební, Katedra geomatiky},
  url          = {https://geo.fsv.cvut.cz/gwiki/155VTTG_V%C3%BDuka_v_ter%C3%A9nu_TG}
}

@misc{stroner,
  author       = {Štroner, Martin},
  title        = {Geodetické základy 3 – Přednáška 2: Nivelace},
  year         = {2024},
  note         = {Přednáška, ČVUT v Praze, Fakulta stavební, Katedra geomatiky},
  url          = {https://k154.fsv.cvut.cz/~stroner/GD3/gd3_pred_2.pdf}
}

@misc{skorepa,
  author       = {Český úřad zeměměřický a katastrální (ČÚZK)},
  title        = {NÁVOD PRO SPRÁVU GEODETICKÝCH ZÁKLADŮ ČESKÉ REPUBLIKY},
  year         = {2015},
  note         = {ISBN 978-80-86918-86-0},
  url          = {https://k154.fsv.cvut.cz/~skorepa/Navod_pro_spravu_geodetickych_zakladu_151086722.pdf}
}

@misc{gravi,
  author       = {Kanický, Viktor},
  title        = {GRAVIMETRIE},
  year         = {2011},
  note         = {Přednáška, MUNI v Brně, Přírodovědecká fakulta, Ústav chemie},
  url          = {https://is.muni.cz/el/sci/podzim2011/C3100/um/Gravimetrie.pdf}
}
